<record xmlns='http://www.loc.gov/MARC21/slim'><leader>02706nam a22005531i 4500</leader><controlfield tag='001'>8420291</controlfield><controlfield tag='005'>20200715161046.0</controlfield><controlfield tag='006'>m||||||||d||||||||</controlfield><controlfield tag='007'>cr |||||||||||</controlfield><controlfield tag='008'>190403t20202020ncu     ob    001 0 eng  </controlfield><datafield ind1=' ' ind2=' ' tag='010'><subfield code='a'>  2019016276</subfield></datafield><datafield ind1=' ' ind2=' ' tag='020'><subfield code='a'>9781478007364</subfield><subfield code='q'>electronic book</subfield></datafield><datafield ind1=' ' ind2=' ' tag='020'><subfield code='a'>1478007362</subfield><subfield code='q'>electronic book</subfield></datafield><datafield ind1=' ' ind2=' ' tag='020'><subfield code='z'>9781478005773</subfield><subfield code='q'>hardcover</subfield><subfield code='q'>alkaline paper</subfield></datafield><datafield ind1=' ' ind2=' ' tag='020'><subfield code='z'>1478006676</subfield><subfield code='q'>hardcover</subfield><subfield code='q'>alkaline paper</subfield></datafield><datafield ind1=' ' ind2=' ' tag='020'><subfield code='z'>9781478006671</subfield><subfield code='q'>paperback</subfield><subfield code='q'>alkaline paper</subfield></datafield><datafield ind1=' ' ind2=' ' tag='020'><subfield code='z'>1478005777</subfield><subfield code='q'>hardcover ;</subfield><subfield code='q'>alkaline paper</subfield></datafield><datafield ind1='8' ind2=' ' tag='024'><subfield code='a'>99984730772</subfield></datafield><datafield ind1=' ' ind2=' ' tag='040'><subfield code='a'>NhCcYBP</subfield><subfield code='c'>NhCcYBP</subfield><subfield code='e'>rda</subfield></datafield><datafield ind1=' ' ind2=' ' tag='043'><subfield code='a'>a-io---</subfield></datafield><datafield ind1=' ' ind2='4' tag='050'><subfield code='a'>HV8964.B86</subfield><subfield code='b'>M739 2020</subfield></datafield><datafield ind1='0' ind2='0' tag='082'><subfield code='a'>365/.4509516</subfield><subfield code='2'>23</subfield></datafield><datafield ind1='1' ind2=' ' tag='100'><subfield code='a'>Mrázek, Rudolf,</subfield><subfield code='e'>author.</subfield></datafield><datafield ind1='1' ind2='4' tag='245'><subfield code='a'>The complete lives of camp people :</subfield><subfield code='b'>colonialism, fascism, concentrated modernity /</subfield><subfield code='c'>Rudolf Mrázek.</subfield></datafield><datafield ind1=' ' ind2='1' tag='264'><subfield code='a'>Durham :</subfield><subfield code='b'>Duke University Press,</subfield><subfield code='c'>2020.</subfield></datafield><datafield ind1=' ' ind2='4' tag='264'><subfield code='c'>©2020</subfield></datafield><datafield ind1=' ' ind2=' ' tag='300'><subfield code='a'>1 online resource ( 485 pages.) :</subfield></datafield><datafield ind1=' ' ind2=' ' tag='336'><subfield code='a'>text</subfield><subfield code='2'>rdacontent</subfield></datafield><datafield ind1=' ' ind2=' ' tag='337'><subfield code='a'>computer</subfield><subfield code='2'>rdamedia</subfield></datafield><datafield ind1=' ' ind2=' ' tag='338'><subfield code='a'>online resource</subfield><subfield code='2'>rdacarrier</subfield></datafield><datafield ind1='1' ind2=' ' tag='490'><subfield code='a'>Theory in forms</subfield></datafield><datafield ind1=' ' ind2=' ' tag='504'><subfield code='a'>Includes bibliographical references and index.</subfield></datafield><datafield ind1=' ' ind2=' ' tag='506'><subfield code='a'>Subscription and registration required for access.</subfield></datafield><datafield ind1=' ' ind2=' ' tag='533'><subfield code='a'>Electronic reproduction.</subfield><subfield code='b'>Ipswich, MA</subfield><subfield code='n'>Available via World Wide Web.</subfield></datafield><datafield ind1=' ' ind2=' ' tag='588'><subfield code='a'>Description based on online resource; title from digital title page (viewed on December 05, 2019).</subfield></datafield><datafield ind1='0' ind2=' ' tag='505'><subfield code='a'>Fashion -- Clothes -- Beauty spots -- Pink bodies -- Sport -- Sound -- Noise -- Voice -- Music -- Radio -- Light -- Clearing -- Enlightenment -- Limelight -- City -- Blocks -- Streets -- Suburbs -- Scattering -- Nausea -- Escape -- Dust, or memory.</subfield></datafield><datafield ind1=' ' ind2=' ' tag='538'><subfield code='a'>Master and use copy. Digital master created according to Benchmark for Faithful Digital Reproductions of Monographs and Serials, Version 1. Digital Library Federation, December 2002.</subfield><subfield code='u'>http://purl.oclc.org/DLF/benchrepro0212</subfield><subfield code='5'>MiAaHDL</subfield></datafield><datafield ind1='1' ind2=' ' tag='583'><subfield code='a'>digitized</subfield><subfield code='c'>2020.</subfield><subfield code='h'>HathiTrust Digital Library</subfield><subfield code='l'>committed to preserve</subfield><subfield code='2'>pda</subfield><subfield code='5'>MiAaHDL</subfield></datafield><datafield ind1='2' ind2='0' tag='610'><subfield code='a'>Boven Digoel (Concentration camp)</subfield></datafield><datafield ind1=' ' ind2='0' tag='650'><subfield code='a'>Concentration camps</subfield><subfield code='z'>Indonesia</subfield><subfield code='z'>Boven Digoel.</subfield></datafield><datafield ind1=' ' ind2='0' tag='650'><subfield code='a'>Political prisoners</subfield><subfield code='z'>Indonesia</subfield><subfield code='z'>Boven Digoel.</subfield></datafield><datafield ind1='2' ind2=' ' tag='710'><subfield code='a'>EBSCOhost</subfield></datafield><datafield ind1=' ' ind2='0' tag='830'><subfield code='a'>Theory in forms.</subfield></datafield><datafield ind1='8' ind2=' ' tag='852'><subfield code='b'>ELECOS</subfield><subfield code='h'>Electronic resource</subfield><subfield code='x'>Available for document delivery - standard copyright restrictions apply</subfield><subfield code='z'>Available for document delivery - standard copyright restrictions apply</subfield></datafield><datafield ind1='4' ind2='0' tag='856'><subfield code='u'>http://search.ebscohost.com/login.aspx?direct=true&amp;scope=site&amp;db=nlebk&amp;db=nlabk&amp;AN=2314219</subfield></datafield><datafield ind1=' ' ind2=' ' tag='980'><subfield code='b'>119.95</subfield><subfield code='g'>1</subfield><subfield code='z'>USD</subfield></datafield><datafield ind1=' ' ind2=' ' tag='981'><subfield code='b'>ARC/USF</subfield><subfield code='c'>ELECOS</subfield></datafield><datafield ind1=' ' ind2=' ' tag='982'><subfield code='a'>20200701</subfield></datafield><datafield ind1=' ' ind2=' ' tag='985'><subfield code='a'>1768</subfield></datafield></record>